@article{poincare_1895,
    journal={Papers on Topology},
    author={Poincaré, Henri},
    translator={Stillwell, John},
    DOI={10.1090/hmath/037},
    year={1895}
} 
@book{
    milnor_stasheff_2009,
    title={Characteristic classes},
    publisher={World Publishing Corporation},
    author={Milnor, John W. and Stasheff, James D.},
    year={2009}
} 
@book{tu_2011,
    place={New York},
    title={An introduction to manifolds},
    publisher={Springer},
    author={Tu, Loring W.},
    year={2011}
}
@book{dehn_1987,
    place={New York (N.Y.)},
    title={Papers on group theory and topology},
    publisher={Springer},
    author={Dehn, Max},
    DOI={10.1007/978-1-4612-4668-8},
    year={1987}
}
@article{milnor_1956,
    title={On manifolds homeomorphic to the 7-sphere},
    volume={64},
    DOI={10.2307/1969983},
    number={2},
    journal={The Annals of Mathematics},
    author={Milnor, John},
    year={1956},
    month={09},
    pages={399}
} 
@article{richards_1963,
    title={On The Classification of Noncompact Surfaces},
    author={Richards, Ian},
    year={1963},
    howpublished={\url{https://www.ams.org/journals/tran/1963-106-02/S0002-9947-1963-0143186-0/S0002-9947-1963-0143186-0.pdf}}
}
@article{hirsch_1975,
    title={Smoothings of Piecewise Linear Manifolds I: Products},
    DOI={10.1515/9781400881680-003},
    journal={Smoothings of Piecewise Linear Manifolds. (AM-80)},
    author={Hirsch, Morris W.},
    year={1975},
    pages={1–76}
}
@book{munkres_2018,
    place={New York, NY},
    title={Topology},
    publisher={Pearson},
    author={Munkres, James R.},
    year={2018}
}
@book{gompf_stipsicz_1999,
    place={Providence, RI},
    title={4-manifolds and Kirby calculus},
    publisher={American Mathematical Society},
    author={Gompf, Robert E. and Stipsicz András},
    year={1999}
}
@article{smale_1960, 
    title={The generalized Poincaré conjecture in higher dimensions},
    volume={66},
    DOI={10.1090/s0002-9904-1960-10458-2},
    number={5},
    journal={Bulletin of the American Mathematical Society},
    author={Smale, Stephen},
    year={1960},
    pages={373–375}
}
@article{smale_1962, 
    author={Smale, Stephen},
    DOI={10.2307/1970417},
    year={1962}
}
@book{lee_2013, 
    title={Introduction to smooth manifolds},
    publisher={Springer},
    author={Lee, John M.},
    DOI={10.1007/978-1-4419-9982-5},
    year={2013}
}
